<?xml version="1.0" encoding="UTF-8" ?>
<collection xmlns:xsi="http://www.w3.org/2001/XMLSchema-instance"
    xsi:schemaLocation="http://www.loc.gov/MARC21/slim
        http://www.loc.gov/standards/marcxml/schema/MARC21slim.xsd"
    xmlns="http://www.loc.gov/MARC21/slim">
<record>
  <leader>00287cam a2200565 ia4500</leader>
  <controlfield tag="001">b1258745x</controlfield>
  <controlfield tag="003">LeBAU</controlfield>
  <controlfield tag="005">20200715</controlfield>
  <controlfield tag="008">110524s1936    ua ah    b    001 0 ara d</controlfield>
  <datafield tag="035" ind1=" " ind2=" ">
    <subfield code="a">ocn784419135</subfield>
  </datafield>
  <datafield tag="040" ind1=" " ind2=" ">
    <subfield code="a">LEAUB</subfield>
    <subfield code="b">ara</subfield>
    <subfield code="e">rda</subfield>
    <subfield code="c">LEAUB</subfield>
    <subfield code="d">LEAUB</subfield>
  </datafield>
  <datafield tag="082" ind1="0" ind2="4">
    <subfield code="a">892.71</subfield>
    <subfield code="2">23</subfield>
  </datafield>
  <datafield tag="100" ind1="1" ind2=" ">
    <subfield code="6">880-01</subfield>
    <subfield code="a">Bakrī, Abū ʻUbayd ʻAbd Allāh ibn ʻAbd al-ʻAzīz,</subfield>
    <subfield code="d">1040-1094.</subfield>
    <subfield code="e">author.</subfield>
    <subfield code="0">http://id.loc.gov/authorities/names/n81110579 ,</subfield>
  </datafield>
  <datafield tag="245" ind1="1" ind2="0">
    <subfield code="6">880-02</subfield>
    <subfield code="a">Simṭ al-laʼālī /</subfield>
    <subfield code="c">lil-Wazīr Abī ʻUbayd al-Bakrī al-Awnabī ʻan nuskhatayn makhṭūṭatayn ; nasakhahu wa-ṣaḥḥaḥahu wa-naqqaḥahu wa-ḥaqqaqa mā-fīhi wa-istakhrajahu min buṭūni dawāwīn al-ʻilm ʻAbd al-ʻAzīz al-Maymanī, ustādh al-lughah al-ʻArabīyah bi-Jāmiʻat ʻAlīkarh - al-Hind. Mudhayyalan bi-Dhayl al-Laʼālī, sharḥ dhayl Amālī al-Qālī, wa-ifādāt ʻalá ṭabʻat al-Dār min al-Amālī, wa-fahāris mustawfāt wa-muṣaddaran: bi-tarjamat al-Bakrī.</subfield>
  </datafield>
  <datafield tag="246" ind1="3" ind2=" ">
    <subfield code="6">880-03</subfield>
    <subfield code="a">Laʼālī fī Sharḥ Amālī al-Qālī</subfield>
  </datafield>
  <datafield tag="246" ind1="1" ind2=" ">
    <subfield code="6">880-04</subfield>
    <subfield code="i">Index title:</subfield>
    <subfield code="a">Fahāris Simṭ al-laʼālī, ʻalá ghurār mubtakar mufīd :</subfield>
    <subfield code="b">asmāʼ al-shuʻarāʼ maʻa sard al-qawāfī murattabah wa-al-qawāfī maʻa dhikr asmāʼ al-shuʻarāʼ al-wāridah wa-al-amthāl al-sāʼirah</subfield>
  </datafield>
  <datafield tag="264" ind1=" " ind2="1">
    <subfield code="6">880-05</subfield>
    <subfield code="a">[al-Qāhirah] :</subfield>
    <subfield code="b">Maṭbaʻat Lajnat al-Taʼlīf wa al-Tarjamah wa al-Nashr,</subfield>
    <subfield code="c">1354 [H.] = 1936 [M.]</subfield>
  </datafield>
  <datafield tag="300" ind1=" " ind2=" ">
    <subfield code="6">880-06</subfield>
    <subfield code="a">2 volumes :</subfield>
    <subfield code="b">illustrations, facsimiles ;</subfield>
    <subfield code="c">28 cm. +</subfield>
    <subfield code="e">1 index (135 pages ; 28 cm)</subfield>
  </datafield>
  <datafield tag="336" ind1=" " ind2=" ">
    <subfield code="a">text</subfield>
    <subfield code="b">txt</subfield>
    <subfield code="2">rdacontent</subfield>
  </datafield>
  <datafield tag="336" ind1=" " ind2=" ">
    <subfield code="a">still image</subfield>
    <subfield code="b">sti</subfield>
    <subfield code="2">rdacontent</subfield>
  </datafield>
  <datafield tag="337" ind1=" " ind2=" ">
    <subfield code="a">unmediated</subfield>
    <subfield code="b">n</subfield>
    <subfield code="2">rdamedia</subfield>
  </datafield>
  <datafield tag="338" ind1=" " ind2=" ">
    <subfield code="a">volume</subfield>
    <subfield code="b">nc</subfield>
    <subfield code="2">rdacarrier</subfield>
  </datafield>
  <datafield tag="500" ind1=" " ind2=" ">
    <subfield code="a">3 أجزاء ببليوغرافية في 2 جزء مادي.</subfield>
  </datafield>
  <datafield tag="500" ind1=" " ind2=" ">
    <subfield code="a">فهارس سمط اللآلي على غرار مبتكر مفيد : أسماء الشعراء مع سرد القوافى مرتبة والقوافى مع ذكر أسماء الشعراء والتراجم الواردة والأمثال السائرة / عبد العزيز الميمني، عليكره - الهند. 1355 هـ. = 1936 م.</subfield>
  </datafield>
  <datafield tag="504" ind1=" " ind2=" ">
    <subfield code="a">يتضمن مراجع ببليوغرافية وكشاف.</subfield>
  </datafield>
  <datafield tag="505" ind1="0" ind2="0">
    <subfield code="t">سمط اللآلي:</subfield>
    <subfield code="g">الجزء الأول.</subfield>
    <subfield code="t">ويحتوي على النصف الأول من اللآلي في شرح أمالي القالي --</subfield>
    <subfield code="g">المجلد الآخر، [الجزء الثاني].</subfield>
    <subfield code="t">ويحتوي على شرح الجزء الثاني من الأمالي، وهو الخمسان الباقيان من اللآلي في شرح أمالي القالي --</subfield>
    <subfield code="g">الجزء الثالث.</subfield>
    <subfield code="t">ذيل اللآلي : شرح لذيل أمالي القالي ولصلة ذيله وتنبيه على أغلاطه المعدودة فيهما /</subfield>
    <subfield code="r">للعاجز عبد العزيز الميمني، بجامعة عليكره - الهند.</subfield>
  </datafield>
  <datafield tag="600" ind1="1" ind2="4">
    <subfield code="a">القالي، ابو علي اسماعيل بن القاسم،</subfield>
    <subfield code="d">901؟-967؟.</subfield>
    <subfield code="t">الأمالي.</subfield>
  </datafield>
  <datafield tag="600" ind1="1" ind2="0">
    <subfield code="a">Qālī, Abū ʻAlī Ismāʻīl ibn al-Qāsim,</subfield>
    <subfield code="d">901?-967?</subfield>
    <subfield code="t">Amālī.</subfield>
  </datafield>
  <datafield tag="650" ind1=" " ind2="4">
    <subfield code="a">الأدب العربي</subfield>
    <subfield code="v">نوادر.</subfield>
  </datafield>
  <datafield tag="650" ind1=" " ind2="4">
    <subfield code="a">الأمثال العربية.</subfield>
  </datafield>
  <datafield tag="650" ind1=" " ind2="0">
    <subfield code="a">Arabic literature</subfield>
    <subfield code="v">Anecdotes.</subfield>
  </datafield>
  <datafield tag="650" ind1=" " ind2="0">
    <subfield code="a">Proverbs, Arabic.</subfield>
  </datafield>
  <datafield tag="700" ind1="1" ind2="2">
    <subfield code="6">880-07</subfield>
    <subfield code="a">Rājkūtī, ʻAbd al-ʻAzīz al-Maymanī.</subfield>
    <subfield code="t">Dhayl al-Laʼālī.</subfield>
    <subfield code="0">http://id.loc.gov/authorities/names/nr91019690 .</subfield>
  </datafield>
  <datafield tag="852" ind1=" " ind2=" ">
    <subfield code="a">Jafet Library</subfield>
    <subfield code="e">American University of Beirut, Bliss Street, Beirut, Lebanon.</subfield>
  </datafield>
  <datafield tag="852" ind1=" " ind2=" ">
    <subfield code="a">Jafet Archives and Special Collections</subfield>
    <subfield code="e">American University of Beirut, Bliss Street, Beirut, Lebanon.</subfield>
  </datafield>
  <datafield tag="880" ind1="1" ind2=" ">
    <subfield code="6">100-01/(3/r</subfield>
    <subfield code="a">البكري، أبو عبيد عبد الله بن عبد العزيز،</subfield>
    <subfield code="d">1040-1094،</subfield>
    <subfield code="0">http://id.loc.gov/authorities/names/n81110579 ,</subfield>
    <subfield code="e">مؤلف. </subfield>
    <subfield code="4">aut.</subfield>
  </datafield>
  <datafield tag="880" ind1="1" ind2="0">
    <subfield code="6">245-02/(3/r</subfield>
    <subfield code="a">سمط اللآلي /</subfield>
    <subfield code="c">للوزير أبي عبيد البكري الأونبي عن نسختين مخطوطتين ؛ نسخه وصححه ونقحه وحقق ما فيه واستخرجه من بطون دواوين العلم عبد العزيز الميمني، أستاذ اللغة العربية بجامعة عليكره - الهند. مذيلاً: بذيل اللآلي، شرح ذيل أمالي القالي، وإفادات على طبعة الدار من الأمالي، وفهارس مستوفاة ومصدراً: بترجمة البكري.</subfield>
  </datafield>
  <datafield tag="880" ind1="3" ind2=" ">
    <subfield code="6">246-03/(3/r</subfield>
    <subfield code="a">اللآلي في شرح أمالي القالي</subfield>
  </datafield>
  <datafield tag="880" ind1="1" ind2=" ">
    <subfield code="6">246-04/(3/r</subfield>
    <subfield code="i">عنوان الفهرس:</subfield>
    <subfield code="a">فهارس سمط اللآلي على غرار مبتكر مفيد :</subfield>
    <subfield code="b">أسماء الشعراء مع سرد القوافى مرتبة والقوافى مع ذكر أسماء الشعراء والتراجم الواردة والأمثال السائرة</subfield>
  </datafield>
  <datafield tag="880" ind1=" " ind2="1">
    <subfield code="6">264-05/(3/r</subfield>
    <subfield code="a">[القاهرة] :</subfield>
    <subfield code="b">مطبعة لجنة التأليف والترجمة والنشر،</subfield>
    <subfield code="c">1354 [هـ.] = 1936 [م.]</subfield>
  </datafield>
  <datafield tag="880" ind1=" " ind2=" ">
    <subfield code="6">300-06/(3/r</subfield>
    <subfield code="a">2 جزء :</subfield>
    <subfield code="b">مصورات، صور طبق الأصل ؛</subfield>
    <subfield code="c">28 سم. +</subfield>
    <subfield code="e">1 فهرس (135 صفحة ؛  28 سم)</subfield>
  </datafield>
  <datafield tag="880" ind1="1" ind2="2">
    <subfield code="6">700-07/(3/r</subfield>
    <subfield code="a">الراجكوتي، عبد العزيز الميمني.</subfield>
    <subfield code="0">http://id.loc.gov/authorities/names/nr91019690 .</subfield>
    <subfield code="t">ذيل اللآلي.</subfield>
  </datafield>
  <datafield tag="907" ind1=" " ind2=" ">
    <subfield code="a">.b1258745x</subfield>
    <subfield code="b">20-07-28</subfield>
    <subfield code="c">11-05-24</subfield>
  </datafield>
  <datafield tag="907" ind1=" " ind2=" ">
    <subfield code="a">.b1258745x</subfield>
    <subfield code="b">11-10-11</subfield>
    <subfield code="c">11-05-24</subfield>
  </datafield>
  <datafield tag="945" ind1=" " ind2=" ">
    <subfield code="f">CA</subfield>
    <subfield code="a">892.71:B1681sA:v.1</subfield>
    <subfield code="i">00543521</subfield>
    <subfield code="j">.i2050228x</subfield>
    <subfield code="l">u0304</subfield>
  </datafield>
  <datafield tag="945" ind1=" " ind2=" ">
    <subfield code="f">CA</subfield>
    <subfield code="a">892.71:B1681sA:v.2-3</subfield>
    <subfield code="i">00543522</subfield>
    <subfield code="j">.i20502291</subfield>
    <subfield code="l">u0304</subfield>
  </datafield>
  <datafield tag="945" ind1=" " ind2=" ">
    <subfield code="f">J</subfield>
    <subfield code="a">892.71:B1681sA:v.1</subfield>
    <subfield code="i">01040208</subfield>
    <subfield code="j">.i13100105</subfield>
    <subfield code="l">u0503</subfield>
  </datafield>
  <datafield tag="945" ind1=" " ind2=" ">
    <subfield code="f">J</subfield>
    <subfield code="a">892.71:B1681sA:v.2-3</subfield>
    <subfield code="i">01040209</subfield>
    <subfield code="j">.i13100117</subfield>
    <subfield code="l">u0503</subfield>
  </datafield>
  <datafield tag="945" ind1=" " ind2=" ">
    <subfield code="f">J</subfield>
    <subfield code="a">892.71:B1681sA:Index</subfield>
    <subfield code="i">00509943</subfield>
    <subfield code="j">.i13100129</subfield>
    <subfield code="l">u0503</subfield>
  </datafield>
  <datafield tag="998" ind1=" " ind2=" ">
    <subfield code="a">(2)u03</subfield>
    <subfield code="a">(3)u05</subfield>
    <subfield code="b">15-10-21</subfield>
    <subfield code="c">m</subfield>
    <subfield code="d">a  </subfield>
    <subfield code="e">-</subfield>
    <subfield code="f">ara</subfield>
    <subfield code="g">ua </subfield>
    <subfield code="h">0</subfield>
    <subfield code="i">5</subfield>
  </datafield>
</record>
</collection>
